@Book{Kafka,
  author    = "Neha Narkhede and Gwen Shapira and Todd Palino",
  title     = "Kafka: The Definitive Guide: Real-time data and stream processing at scale",
  publisher = "O'Reilly UK Ltd.",
  address	= "",
  year      =  2017,
  ISBN		= "978-1-491-99065-0"
}

@book{definitiveANTLR,
  title={The definitive ANTLR 4 reference},
  author={Parr, Terence},
  year={2013},
  publisher={Pragmatic Bookshelf}
}

@Book{computation_theory,
  author    = "Michael Sipser",
  title     = "Introduction to the Therory of Computation",
  edition	= 2,
  publisher = "Boston: Thomson Course Technology",
  address	= "",
  year      =  2006,
  ISBN		= "0-534-95097-3"
}

@Book{CVUT:program_language,
  author    = "Karel M{\"u}ller",
  title     = "Programovaí jazyky",
  publisher = "Česká technika - nakladatelství ČVUT",
  address	= "",
  year      =  2005,
  ISBN		= "80-01-02458-X"
}

@book{effective_java,
  title={Effective java},
  author={Bloch, Joshua},
  year={2017},
  publisher={Addison-Wesley Professional},
  ISBN = "978-0321356680"
}

@book{roche1997finite,
  title={Finite-state language processing},
  author={Roche, Emmanuel and Schabes, Yves},
  year={1997},
  publisher={MIT press},
  ISBN="978-0262181822"
}

@inproceedings{ford2004parsing,
  title={Parsing expression grammars: a recognition-based syntactic foundation},
  author={Ford, Bryan},
  booktitle={ACM SIGPLAN Notices},
  year={2004},
  organization={ACM}
}

@inproceedings{karp1992line,
  title={On-line algorithms versus off-line algorithms: How much is it worth to know the future?},
  author={Karp, Richard M},
  booktitle={IFIP Congress (1)},
  year={1992}
}

@inproceedings{moore2000removing,
  title={Removing left recursion from context-free grammars},
  author={Moore, Robert C},
  booktitle={Proceedings of the 1st North American chapter of the Association for Computational Linguistics conference},
  year={2000},
  organization={Association for Computational Linguistics}
}

@article{CYK,
  title={An efficient recognition and syntax-analysis algorithm for context-free languages},
  author={Kasami, Tadao},
  journal={Coordinated Science Laboratory Report no. R-257},
  year={1966},
  publisher={Coordinated Science Laboratory, University of Illinois at Urbana-Champaign}
}

@article{earley,
  title={An efficient context-free parsing algorithm},
  author={Earley, Jay},
  journal={Communications of the ACM},
  year={1970},
  publisher={ACM}
}

@article{LL,
  title={LL (*): the foundation of the ANTLR parser generator},
  author={Parr, Terence and Fisher, Kathleen},
  journal={ACM Sigplan Notices},
  year={2011},
  publisher={ACM}
}

@inproceedings{ALL,
  title={Adaptive LL (*) parsing: the power of dynamic analysis},
  author={Parr, Terence and Harwell, Sam and Fisher, Kathleen},
  booktitle={ACM SIGPLAN Notices},
  year={2014},
  organization={ACM}
}

@article{LR,
  title={On the translation of languages from left to right},
  author={Knuth, Donald E},
  journal={Information and control},
  year={1965},
  publisher={Elsevier}
}

@inproceedings{IELR,
  title={IELR (1): practical LR (1) parser tables for non-LR (1) grammars with conflict resolution},
  author={Denny, Joel E and Malloy, Brian A},
  booktitle={Proceedings of the 2008 ACM symposium on Applied computing},
  year={2008},
  organization={ACM}
}

@phdthesis{Packrat,
  title={Packrat parsing: a Practical Linear-Time Algorithm with Backtracking},
  author={Ford, Bryan},
  year={2002},
  school={Massachusetts Institute of Technology}
}

@Manual{mysql:reference_manual,
  title			= "MySQL 5.7 Reference Manual",
  organization	= "Oracle Corporation and/or its affiliates",
  year			= 2018,
  note   = "\\ \verb|  https://dev.mysql.com/doc/refman/5.7/en/| ",
}

@book{grune2007parsing,
  title={Parsing Techniques: A Practical Guide},
  author={Grune, D. and Jacobs, C.J.H.},
  isbn={9780387689548},
  lccn={2007936901},
  series={Monographs in Computer Science},
  year={2007},
  publisher={Springer New York}
}

@article{demlova:gramatiky,
  title={Jazyky, automaty a gramatiky},
  author={Demlov{\'a}, Marie},
  journal={Gramatiky},
  year={2017}
}

@article{demlova:automaty,
  title={Jazyky, automaty a gramatiky},
  author={Demlov{\'a}, Marie},
  journal={Konečné automaty},
  year={2017}
}

@article{attunity:etl_cdc,
  title={Attunity Connect Product White Paper},
  author="{Attunity Ltd.}",
  journal={Change Data Capture – next generation ETL},
  year=2004,
  month = "{Máj}"
}

@Misc{debezium:devoxx,
  key    = "debezium:devoxx",
  author = "Gunnar Morling",
  title  = "Streaming Database Changes with Debezium",
  year	 = 2017,
  note   = "\\ \verb|  https://www.youtube.com/watch?v=IOZ2Um6e430|, publikované 9.\,11.\,2017",
}

@ONLINE{haberman:parsing_demystified,
  title={LL and LR Parsing Demystified},
  author={Josh Haberman},
  cited = "21.\,4.\,2018",
  url   = "http://blog.reverberate.org/2013/07/ll-and-lr-parsing-demystified.html",
}

@ONLINE{haberman:hard_parsing,
  title={LL and LR in Context: Why Parsing Tools Are Hard},
  author={Josh Haberman},
  cited = "25.\,4.\,2018",
  url   = "http://blog.reverberate.org/2013/09/ll-and-lr-in-context-why-parsing-tools.html",
}

@ONLINE{might:languages,
  title={ The language of languages},
  author={Matt Might },
  cited = "3.\,4.\,2018",
  url   = "http://matt.might.net/articles/grammars-bnf-ebnf",
}

@ONLINE{tomassetti:parsing,
  title={ A Guide to Parsing: Algorithms and Terminology},
  author={Gabriele Tomassetti },
  year 	= 2017,
  month	= 9, 
  cited = "28.\,3.\,2018",
  url   = "https://tomassetti.me/guide-parsing-algorithms-terminology",
}

@ONLINE{Debezium,
  author = "{Debezium Community}",
  title = "Debezium",
  cited = "28.\,1.\,2018",
  year =         2018,
  url = "http://debezium.io/"
  }

@ONLINE{debezium:consistent_snapshot,
  author = "{Debezium Community}",
  title = "Debezium Connector for MySQL: Snapshots",
  cited = "22.\,2.\,2018",
  year =         2018,
  url = "http://debezium.io/docs/connectors/mysql/\#snapshots"
}

@ONLINE{debezium:parse_ddl,
  author = "{Randall Hauch}",
  title = "Parsing DDL",
  cited = "25.\,2.\,2018",
  year =         2018,
  url = "http://debezium.io/blog/2016/04/15/parsing-ddl/"
}

@techreport{ISO14977,
type = {Standard},
key = {ISO 14977:1996(E)},
year = {1996},
title = {{Information technology -- Syntactic metalanguage -- Extended BNF}},
volume = {1996},
address = {Geneva, CH},
institution = {International Organization for Standardization}
}